<record><leader>00000cas a22000007a 4500</leader><controlfield tag="001">17473842</controlfield><controlfield tag="008">880215d19191919txuwr ne      0    0eng d</controlfield><datafield ind1=" " ind2=" " tag="010"><subfield code="a">sn 88083278 </subfield></datafield><datafield ind1=" " ind2=" " tag="040"><subfield code="a">PPM</subfield><subfield code="b">eng</subfield><subfield code="c">PPM</subfield><subfield code="d">OCLCQ</subfield></datafield><datafield ind1=" " ind2=" " tag="042"><subfield code="a">msc</subfield></datafield><datafield ind1="0" ind2="4" tag="245"><subfield code="a">The Junction eagle and citizen-light.</subfield></datafield><datafield ind1=" " ind2=" " tag="260"><subfield code="a">Junction, Tex. :</subfield><subfield code="b">J.D. Motley</subfield></datafield><datafield ind1=" " ind2=" " tag="310"><subfield code="a">Weekly</subfield></datafield><datafield ind1=" " ind2=" " tag="588"><subfield code="a">Description based on: Vol. 36, no. 4 (May 2, 1919).</subfield></datafield><datafield ind1=" " ind2=" " tag="752"><subfield code="a">United States</subfield><subfield code="b">Texas</subfield><subfield code="c">Kimble</subfield><subfield code="d">Junction.</subfield></datafield><datafield ind1="0" ind2="4" tag="780"><subfield code="t">Junction eagle</subfield><subfield code="w">(DLC)sn 86090570</subfield></datafield><datafield ind1="0" ind2="4" tag="780"><subfield code="t">Junction citizen-light</subfield><subfield code="w">(DLC)sn 88083305</subfield></datafield><datafield ind1="0" ind2="0" tag="785"><subfield code="t">Junction eagle (Junction, Tex. : 1919)</subfield><subfield code="w">(DLC)sn 94059123</subfield></datafield></record>